@Inbook{Pianini:2019,
author="Pianini, Danilo
and Omicini, Andrea",
editor="Contucci, Pierluigi
and Omicini, Andrea
and Pianini, Danilo
and S{\^i}rbu, Alina",
title="Democratic Process and Digital Platforms: An Engineering Perspective",
bookTitle="The Future of Digital Democracy: An Interdisciplinary Approach",
year="2019",
publisher="Springer International Publishing",
address="Cham",
pages="83--96",
abstract="The widespread adoption of digital technologies and computational devices, along with their pervasiveness in our everyday life, is going to make them hugely impact over all key processes in human societies-including the democratic one. The last decade has witnessed the emergence of many tools and platforms for digital democracy. However, also because of the huge social and political pressure, such emergence has possibly been too tumultuous, leaving several fundamental concerns unanswered: among them, here we focus on those that belong to the engineering process. For instance, in a classic software engineering process, one or more artefacts are produced in the analysis phase that represent a formal, possibly machine understandable, model of the domain. Instead, looking at the most common e-democracy platforms, the step is seemingly missing, along with others that concur at building a solid engineering process. This chapter elaborates on the current status of digital democracy, and points out the main software engineering issues that current and future tools and platforms should address.",
isbn="978-3-030-05333-8",
doi="10.1007/978-3-030-05333-8_6",
url="https://doi.org/10.1007/978-3-030-05333-8_6"
}

@phdthesis{Trapanese:2018,
          author = "Thomas Trapanese",
           title = "Modelli e piattaforme per la democrazia digitale: analisi e confronto",
        abstract = "Democrazia: etimologicamente significa governo del popolo, una forma di governo nella quale il potere decisionale spetta al popolo. 
					L'idea di democrazia non {\`e} univoca, nel corso della storia ha trovato diverse modalit{\`a} di applicazione tutte caratterizzate dalla ricerca della forma ideale capace di dare l'effettivo potere decisionale al popolo.
					Generalmente siamo portati ad associare l'idea di democrazia ad una forma di governo, {\`e} certamente vero che molti governi nazionali implementino una loro forma democratica ma {\`e} anche vero che il concetto di democrazia {\`e} molto pi{\`u} vasto e pu{\`o} essere applicato in qualunque contesto in cui sia richiesto di prendere una decisione su un argomento.
					Negli ultimi anni grazie all'avvento di internet, il concetto di democrazia si {\`e} evoluto ed ha portato alla nascita dei concetti di e-democracy (una forma di democrazia diretta esercitata attraverso l'ausilio di strumenti digitali) e democrazia fluida (un modello ibrido tra la democrazia diretta e quella rappresentativa). Entrambi questi concetti sono stati concretizzati in software che mirano a fornire gli strumenti per implementare una democrazia.
					L'idea di democrazia ha innumerevoli forme e implementazioni ma, {\`e} possibile estrarre delle caratteristiche comuni? in altre parole, {\`e} possibile individuare un modello per le varie forme di democrazia?
					Nel corso di questa trattazione cercher{\`o} di rispondere a questa domanda individuando le componenti essenziali di un modello democratico e valutandone le principali implementazioni. Far{\`o} anche un analisi dei principali software per l'e-democracy che valuter{\`o} sia dal punto di vista tecnico che democratico (analizzando quale modello implementino).",
             url = "http://amslaurea.unibo.it/15562/",
        keywords = "Democrazia,e-democracy,Democrazia fluida,TuCSoN,JADE,Sistemi distribuiti,Simulatore"
}

@site{WebsiteDirittoInformatica,
	title = "E-democracy: la democrazia diretta nell’era digitale",
	url =  "https://www.dirittodellinformatica.it/glossario/informatica/e-democracy-la-democrazia-diretta-nellera-digitale.html/" 
}

@site{WebsiteDPartecipaMi,
	title = "PartecipaMi - Insieme verso una città partecipata",
	url =  "https://www.partecipami.it/" 
}

